%---------------------Definição de Testes--------------------
@article{maldonado2004introduccao,
  title={Introdu{\c{c}}ao ao teste de software},
  author={Maldonado, Jos{\'e} Carlos and Barbosa, Ellen Francine and Vincenzi, Auri Marcelo Rizzo and Delamaro, M{\'a}rcio Eduardo and Souza, SRS and Jino, Mario},
  journal={S{\~a}o Carlos},
  pages={23},
  year={2004}
}
@book{pressman2005software,
  title={Software engineering: a practitioner's approach},
  author={Pressman, Roger S},
  year={2005},
  publisher={Palgrave Macmillan}
}
%---------------------Governo Digital--------------------
@article{fang2002government,
  title={E-government in digital era: concept, practice, and development},
  author={Fang, Zhiyuan},
  journal={International journal of the Computer, the Internet and management},
  volume={10},
  number={2},
  pages={1--22},
  year={2002}
}
@article{gronlund2005introducing,
  title={Introducing e-gov: history, definitions, and issues},
  author={Gr{\"o}nlund, {\AA}ke and Horan, Thomas A},
  journal={Communications of the association for information systems},
  volume={15},
  number={1},
  pages={39},
  year={2005}
}
